@article{lu2014efficient,
  title={Efficient high order waveguide mode solvers based on boundary integral equations},
  author={Lu, Wangtao and Lu, Ya Yan},
  journal={Journal of Computational Physics},
  volume={272},
  pages={507--525},
  year={2014},
  publisher={Elsevier}
}

@article{thomas1977eigenfunction,
  title={Eigenfunction expansions for objects floating in an open sea},
  author={Thomas Beale, J},
  journal={Communications on Pure and Applied Mathematics},
  volume={30},
  number={3},
  pages={283--313},
  year={1977},
  publisher={Wiley Online Library}
}

@article{perez2012fast,
  title={Fast multipole boundary element method for the Laplace equation in a locally perturbed half-plane with a Robin boundary condition},
  author={P{\'e}rez-Arancibia, Carlos and Ramaciotti, Pedro and Hein, Ricardo and Dur{\'a}n, Mario},
  journal={Computer methods in applied mechanics and engineering},
  volume={233},
  pages={152--163},
  year={2012},
  publisher={Elsevier}
}

@article{newman1985algorithms,
  title={Algorithms for the free-surface Green function},
  author={Newman, John Nicholas},
  journal={Journal of engineering mathematics},
  volume={19},
  number={1},
  pages={57--67},
  year={1985},
  publisher={Springer}
}

@article{belibassakis2004three,
  title={Three-dimensional Green's function for harmonic water waves over a bottom topography with different depths at infinity},
  author={Belibassakis, KA and Athanassoulis, GA},
  journal={Journal of Fluid Mechanics},
  volume={510},
  pages={267--302},
  year={2004},
  publisher={Cambridge University Press}
}

@book{dingemans2000water,
  title={Water wave propagation over uneven bottoms: Linear wave propagation},
  author={Dingemans, Maarten W},
  volume={13},
  year={2000},
  publisher={World Scientific}
}

@article{mciver1996example,
  title={An example of non-uniqueness in the two-dimensional linear water wave problem},
  author={McIver, Maureen},
  journal={Journal of Fluid Mechanics},
  volume={315},
  pages={257--266},
  year={1996},
  publisher={Cambridge University Press}
}

@misc{linton2001mathematical,
  title={Mathematical techniques for wave/structure interactions},
  author={Linton, CM and McIver, P},
  year={2001},
  publisher={Chapman \& Hall/CRC Boca, Raton, Fla.}
}


@article{linton2007embedded,
  title={Embedded trapped modes in water waves and acoustics},
  author={Linton, CM and McIver, P},
  journal={Wave motion},
  volume={45},
  number={1-2},
  pages={16--29},
  year={2007},
  publisher={Elsevier}
}

@article{mciver2005complex,
  title={Complex resonances in the water-wave problem for a floating structure},
  author={McIver, Philip},
  journal={Journal of Fluid Mechanics},
  volume={536},
  pages={423--443},
  year={2005},
  publisher={Cambridge University Press}
}

@article{Vial:12,
author = {Benjamin Vial and Fr\'{e}d\'{e}ric Zolla and Andr\'{e} Nicolet and Mireille Commandr\'{e} and St\'{e}phane Tisserand},
journal = {Opt. Express},
keywords = {Diffraction and gratings; Computational electromagnetic methods ; Absorption coefficient; Diffraction efficiency; Diffraction gratings; Finite element method; Numerical analysis; Polarization},
number = {27},
pages = {28094--28105},
publisher = {Optica Publishing Group},
title = {Adaptive perfectly matched layer for Wood's anomalies in diffraction gratings},
volume = {20},
month = {Dec},
year = {2012},
url = {https://opg.optica.org/oe/abstract.cfm?URI=oe-20-27-28094},
doi = {10.1364/OE.20.028094},
}


@book{graff2012wave,
  title={Wave motion in elastic solids},
  author={Graff, Karl F},
  year={2012},
  publisher={Courier Corporation}
}

@book{maier2007plasmonics,
  title={Plasmonics: fundamentals and applications},
  author={Maier, Stefan A and others},
  volume={1},
  year={2007},
  publisher={Springer}
}

@article{athanassoulis1999consistent,
  title={A consistent coupled-mode theory for the propagation of small-amplitude water waves over variable bathymetry regions},
  author={Athanassoulis, GA and Belibassakis, KA},
  journal={Journal of Fluid Mechanics},
  volume={389},
  pages={275--301},
  year={1999},
  publisher={Cambridge University Press}
}

@article{lenoir1988localized,
  title={The localized finite element method and its application to the two-dimensional sea-keeping problem},
  author={Lenoir, Marc and Tounsi, A},
  journal={SIAM Journal on Numerical Analysis},
  volume={25},
  number={4},
  pages={729--752},
  year={1988},
  publisher={SIAM}
}

@book{martin2006multiple,
  title={Multiple scattering: interaction of time-harmonic waves with N obstacles},
  author={Martin, Paul A},
  year={2006},
  publisher={Cambridge University Press}
}

@article{angell1991recent,
  title={Recent developments in floating body problems},
  author={Angell, T and Hisao, G and Kleinman, R},
  journal={Mathematical Approaches in Hydrodynamics},
  volume={24},
  pages={141},
  year={1991},
  publisher={SIAM}
}



@article{yeung1982numerical,
  title={Numerical methods in free-surface flows},
  author={Yeung, Ronald W},
  journal={Annual review of fluid mechanics},
  volume={14},
  number={1},
  pages={395--442},
  year={1982},
  publisher={Annual Reviews 4139 El Camino Way, PO Box 10139, Palo Alto, CA 94303-0139, USA}
}


@article{mei1978numerical,
  title={Numerical methods in water-wave diffraction and radiation},
  author={Mei, Chiang C},
  journal={Annual Review of Fluid Mechanics},
  volume={10},
  number={1},
  pages={393--416},
  year={1978},
  publisher={Annual Reviews 4139 El Camino Way, PO Box 10139, Palo Alto, CA 94303-0139, USA}
}

@article{strauszer2023windowed,
  title={Windowed Green function method for wave scattering by periodic arrays of 2D obstacles},
  author={Strauszer-Caussade, Thomas and Faria, Luiz M and Fernandez-Lado, Agust{\'\i}n and P{\'e}rez-Arancibia, Carlos},
  journal={Studies in Applied Mathematics},
  volume={150},
  number={1},
  pages={277--315},
  year={2023},
  publisher={Wiley Online Library}
}

@article{fenton1978wave,
  title={Wave forces on vertical bodies of revolution},
  author={Fenton, JD},
  journal={Journal of Fluid Mechanics},
  volume={85},
  number={2},
  pages={241--255},
  year={1978},
  publisher={Cambridge University Press}
}

@article{chakrabarti2001application,
  title={Application and verification of deepwater Green function for water waves},
  author={Chakrabarti, Subrata K},
  journal={Journal of ship research},
  volume={45},
  number={03},
  pages={187--196},
  year={2001},
  publisher={SNAME}
}

@article{black1975wave,
  title={Wave forces on vertical axisymmetric bodies},
  author={Black, Jared L},
  journal={Journal of Fluid Mechanics},
  volume={67},
  number={2},
  pages={369--376},
  year={1975},
  publisher={Cambridge University Press}
}

@article{angell1986integral,
  title={An integral equation for the floating-body problem},
  author={Angell, TS and Hsiao, GC and Kleinman, RE},
  journal={Journal of Fluid Mechanics},
  volume={166},
  pages={161--171},
  year={1986},
  publisher={Cambridge University Press}
}

@article{bruno2017windowed2,
  title={Windowed Green function method for the Helmholtz equation in the presence of multiply layered media},
  author={Bruno, Oscar P and P{\'e}rez-Arancibia, Carlos},
  journal={Proceedings of the Royal Society A: Mathematical, Physical and Engineering Sciences},
  volume={473},
  number={2202},
  pages={20170161},
  year={2017},
  publisher={The Royal Society Publishing}
}

@article{bruno2017windowed,
  title={Windowed Green function method for nonuniform open-waveguide problems},
  author={Bruno, Oscar P and Garza, Emmanuel and P{\'e}rez-Arancibia, Carlos},
  journal={IEEE Transactions on Antennas and Propagation},
  volume={65},
  number={9},
  pages={4684--4692},
  year={2017},
  publisher={IEEE}
}

@article{bruno2016windowed,
  title={Windowed Green function method for layered-media scattering},
  author={Bruno, Oscar P and Lyon, Mark and P{\'e}rez-Arancibia, Carlos and Turc, Catalin},
  journal={SIAM Journal on Applied Mathematics},
  volume={76},
  number={5},
  pages={1871--1898},
  year={2016},
  publisher={SIAM}
}


@book{cauchy1816theory,
  title={Theory of wave propagation {\`a} the surface of a heavy fluid of indefinite depth},
  author={Cauchy, Augustin Louis Baron},
  year={1816},
  publisher={Royal Academy of Sciences}
}


@book{linton2001handbook,
  title={Handbook of mathematical techniques for wave/structure interactions},
  author={Linton, Christopher M and McIver, Philip},
  year={2001},
  publisher={Chapman and Hall/CRC}
}

@inproceedings{ursell1951trapping,
  title={Trapping modes in the theory of surface waves},
  author={Ursell, F},
  booktitle={Mathematical Proceedings of the Cambridge Philosophical Society},
  volume={47},
  number={2},
  pages={347--358},
  year={1951},
  organization={Cambridge University Press}
}

@article{linton2007embedded,
  title={Embedded trapped modes in water waves and acoustics},
  author={Linton, CM and McIver, P},
  journal={Wave motion},
  volume={45},
  number={1-2},
  pages={16--29},
  year={2007},
  publisher={Elsevier}
}


@article{dautray1985analysis,
  title={Mathematical analysis and numerical calculation for science and technology},
  author={Dautray, Robert and Lions, Jacques-Louis},
  journal={Collection of the Atomic Energy Commission. Scientific Series},
  year={1985}
}

@article{macaskill1979reflexion,
  title={Reflexion of water waves by a permeable barrier},
  author={Macaskill, C},
  journal={Journal of Fluid Mechanics},
  volume={95},
  number={1},
  pages={141--157},
  year={1979},
  publisher={Cambridge University Press}
}

@book{greenberg2015applications,
  title={Applications of Green's functions in science and engineering},
  author={Greenberg, Michael D},
  year={2015},
  publisher={Courier Dover Publications}
}

@article{kim1965harmonic,
  title={On the harmonic oscillations of a rigid body on a free surface},
  author={Kim, Wook D},
  journal={Journal of Fluid Mechanics},
  volume={21},
  number={3},
  pages={427--451},
  year={1965},
  publisher={Cambridge University Press}
}


@inproceedings{thorne1953multipole,
  title={Multipole expansions in the theory of surface waves},
  author={Thorne, RC},
  booktitle={Mathematical Proceedings of the Cambridge Philosophical Society},
  volume={49},
  number={4},
  pages={707--716},
  year={1953},
  organization={Cambridge University Press}
}

@article{john1950motion,
  title={On the motion of floating bodies. {II} Simple harmonic motions},
  author={John, Fritz},
  journal={Communications on pure and applied mathematics},
  volume={3},
  number={1},
  pages={45--101},
  year={1950},
  publisher={Wiley Online Library}
}


@article{john1949motion,
  title={On the motion of floating bodies. {I}},
  author={John, Fritz},
  journal={Communications on Pure and Applied Mathematics},
  volume={2},
  number={1},
  pages={13--57},
  year={1949},
  publisher={Wiley Online Library}
}

@phdthesis{hoernig2010green,
  title={Green's functions and integral equations for the Laplace and Helmholtz operators in impedance half-spaces},
  author={Hoernig, Ricardo Oliver Hein},
  year={2010},
  school={Ecole Polytechnique X}
}

@article{hein2010explicit,
  title={Explicit Representation for the Infinite-Depth Two-Dimensional Free-Surface {G}reen's Function in Linear Water-Wave Theory},
  author={Hein, Ricardo and Dur{\'a}n, Mario and N{\'e}d{\'e}lec, Jean-Claude},
  journal={SIAM Journal on Applied Mathematics},
  volume={70},
  number={7},
  pages={2353--2372},
  year={2010},
  publisher={SIAM}
}

@book{mclean2000strongly,
  title={Strongly elliptic systems and boundary integral equations},
  author={McLean, William and McLean, William Charles Hector},
  year={2000},
  publisher={Cambridge university press}
}

@book{kuznetsov2002linear,
  title={Linear Water Waves: A Mathematical Approach},
  author={Kuznetsov, N. and  Maz'{\^a}, V. and Vainberg, B},
  year={2002},
  publisher={Cambridge University Press}
}

@article{lu2018perfectly,
  title={Perfectly matched layer boundary integral equation method for wave scattering in a layered medium},
  author={Lu, Wangtao and Lu, Ya Yan and Qian, Jianliang},
  journal={SIAM Journal on Applied Mathematics},
  volume={78},
  number={1},
  pages={246--265},
  year={2018},
  publisher={SIAM}
}

@book{johnson1997modern,
  title={A modern introduction to the mathematical theory of water waves},
  author={Johnson, Robin Stanley},
  number={19},
  year={1997},
  publisher={Cambridge university press}
}

@article{john1950motion,
  title={On the motion of floating bodies II. Simple harmonic motions},
  author={John, Fritz},
  journal={Communications on pure and applied mathematics},
  volume={3},
  number={1},
  pages={45--101},
  year={1950},
  publisher={Wiley Online Library}
}

@article{mackay2021green,
  title={The Green function for diffraction and radiation of regular waves by two-dimensional structures},
  author={Mackay, Ed},
  journal={European Journal of Mechanics-B/Fluids},
  volume={87},
  pages={151--160},
  year={2021},
  publisher={Elsevier}
}

@article{xie2018comparison,
  title={Comparison of existing methods for the calculation of the infinite water depth free-surface Green function for the wave--structure interaction problem},
  author={Xie, Chunmei and Choi, Youngmyung and Rong{\`e}re, Fran{\c{c}}ois and Cl{\'e}ment, Alain H and Delhommeau, Gerard and Babarit, Aur{\'e}lien},
  journal={Applied Ocean Research},
  volume={81},
  pages={150--163},
  year={2018},
  publisher={Elsevier}
}

@article{Bon-Jol-1993,
    author={Anne-Sophie Bonnet-BenDhia and Patrick Joly },
    title={Mathematical Analysis of Guided Water Waves },
    doi={10.1137/0153071 },
    journal={SIAM Journal on on Applied Mathematics },
    year={1993 },
    volume={53 },
    pages={1507--1550},
}

@article{Bon-Cha-Fli-Haz-Per-Tja-2022,
    author={Anne-Sophie Bonnet-BenDhia and Simon Chandler-Wilde and Sonia 
           Fliss and Christophe Hazard and Karl-Michael Perfekt and 
           Yohanes Tjandrawidjaja },
    title={The Complex-Scaled Half-Space Matching Method },
    doi={10.1137/20M1387122 },
    journal={SIAM Mathematical Analysis },
    year={2022 },
    month={1},
    volume={54 },
    pages={512--557},
}

@article{Haz-Len-1993,
    author={Christophe Hazard and Marc Lenoir },
    title={Determination of scattering frequencies for an elastic 
           floating body },
    journal={SIAM Journal on Mathematical Analysis },
    year={1993 },
    volume={24 },
    pages={1458--1514},
}

    @article{Bec-Bon-Leg-2004,
        author={Éliane Bécache and Anne-Sophie Bonnet-BenDhia and Guillaume 
               Legendre },
        title={Perfectly matched layers for the convected Helmholtz equation },
        doi={10.1137/S0036142903420984 },
        journal={SIAM Journal on Numerical Analysis },
        year={2004 },
        volume={42 },
        pages={409--433},
    }

@article{Len-Vul-Haz-1992,
    author={Marc Lenoir and M. Vullierme-Ledard and Christophe Hazard },
    title={Variational formulations for the determination of resonant 
           states in scattering problems },
    journal={SIAM Journal on Mathematical Analysis },
    year={1992 },
    volume={23 },
    pages={579--608},
}

@article{cohen2012perfectly,
  title={Perfectly matched layer with mixed spectral elements for the propagation of linearized water waves},
  author={Cohen, Gary and Imperiale, S{\'e}bastien},
  journal={Communications in Computational Physics},
  volume={11},
  number={2},
  pages={285--302},
  year={2012},
  publisher={Cambridge University Press}
}

@article{dgaygui1994absorbing,
  title={Absorbing boundary conditions for linear gravity waves},
  author={Dgaygui, Kebir and Joly, Patrick},
  journal={SIAM Journal on Applied Mathematics},
  volume={54},
  number={1},
  pages={93--131},
  year={1994},
  publisher={SIAM}
}

@book{mei2005theory,
  title={Theory and applications of ocean surface waves: Part 1: linear aspects},
  author={Mei, Chiang C and Stiassnie, Michael Aharon and Yue, Dick K-P},
  year={2005},
  publisher={World Scientific}
}

@article{preston2008integral,
  title={An integral equation method for a boundary value problem arising in unsteady water wave problems},
  author={Preston, Mark D and Chamberlain, Peter G and Chandler-Wilde, Simon N},
  journal={The Journal of Integral Equations and Applications},
  pages={121--152},
  year={2008},
  publisher={JSTOR}
}

@article{saad1986gmres,
  title={GMRES: A generalized minimal residual algorithm for solving nonsymmetric linear systems},
  author={Saad, Youcef and Schultz, Martin H},
  journal={SIAM Journal on scientific and statistical computing},
  volume={7},
  number={3},
  pages={856--869},
  year={1986},
  publisher={SIAM}
}

@book{mayergoyz2013plasmon,
  title={Plasmon resonances in nanoparticles},
  author={Mayergoyz, Isaak D},
  volume={6},
  year={2013},
  publisher={World Scientific}
}

@article{mayergoyz2005electrostatic,
  title={Electrostatic (plasmon) resonances in nanoparticles},
  author={Mayergoyz, Isaak D and Fredkin, Donald R and Zhang, Zhenyu},
  journal={Physical Review B},
  volume={72},
  number={15},
  pages={155412},
  year={2005},
  publisher={APS}
}

@article{chandler1998uniqueness,
  title={A uniqueness result for scattering by infinite rough surfaces},
  author={Chandler-Wilde, Simon N and Zhang, Bo},
  journal={SIAM Journal on Applied Mathematics},
  volume={58},
  number={6},
  pages={1774--1790},
  year={1998},
  publisher={SIAM}
}

@article{greengard1987fast,
  title={A fast algorithm for particle simulations},
  author={Greengard, Leslie and Rokhlin, Vladimir},
  journal={Journal of computational physics},
  volume={73},
  number={2},
  pages={325--348},
  year={1987},
  publisher={Elsevier}
}

@article{strang1972approximation,
  title={Approximation in the finite element method},
  author={Strang, Gilbert},
  journal={Numerische Mathematik},
  volume={19},
  pages={81--98},
  year={1972},
  publisher={Springer}
}

@article{porter2000water,
  title={Water wave scattering by a step of arbitrary profile},
  author={Porter, R and Porter, D},
  journal={Journal of Fluid Mechanics},
  volume={411},
  pages={131--164},
  year={2000},
  publisher={Cambridge University Press}
}

@article{alpert1999hybrid,
  title={Hybrid Gauss-trapezoidal quadrature rules},
  author={Alpert, Bradley K},
  journal={SIAM Journal on Scientific Computing},
  volume={20},
  number={5},
  pages={1551--1584},
  year={1999},
  publisher={SIAM}
}

@article{perez2019harmonic,
  title={Harmonic density interpolation methods for high-order evaluation of Laplace layer potentials in 2D and 3D},
  author={P{\'e}rez-Arancibia, Carlos and Faria, Luiz M and Turc, Catalin},
  journal={Journal of Computational Physics},
  volume={376},
  pages={411--434},
  year={2019},
  publisher={Elsevier}
}

@article{faria2021general,
  title={General-purpose kernel regularization of boundary integral equations via density interpolation},
  author={Faria, Luiz M and P{\'e}rez-Arancibia, Carlos and Bonnet, Marc},
  journal={Computer Methods in Applied Mechanics and Engineering},
  volume={378},
  pages={113703},
  year={2021},
  publisher={Elsevier}
}

@book{colton1998inverse,
  title={Inverse acoustic and electromagnetic scattering theory},
  author={Colton, David L and Kress, Rainer and Kress, Rainer},
  volume={93},
  year={1998},
  publisher={Springer}
}