@book{mclean2000strongly,
  title={Strongly elliptic systems and boundary integral equations},
  author={McLean, William and McLean, William Charles Hector},
  year={2000},
  publisher={Cambridge university press}
}

@book{kuznetsov2002linear, 
  place={Cambridge}, 
  title={Linear Water Waves: A Mathematical Approach}, 
  DOI={10.1017/CBO9780511546778}, 
  publisher={Cambridge University Press},
  author={Kuznetsov, N. and Maz'ya, V. and Vainberg, B.}, 
  year={2002}
}

@article{newman1985algorithms,
  title={Algorithms for the free-surface Green function},
  author={Newman, John Nicholas},
  journal={Journal of engineering mathematics},
  volume={19},
  number={1},
  pages={57--67},
  year={1985},
  publisher={Springer}
}

@article{lu2018perfectly,
  title={Perfectly matched layer boundary integral equation method for wave scattering in a layered medium},
  author={Lu, Wangtao and Lu, Ya Yan and Qian, Jianliang},
  journal={SIAM Journal on Applied Mathematics},
  volume={78},
  number={1},
  pages={246--265},
  year={2018},
  publisher={SIAM}
}

@article{dgaygui2005absorbing,
   author = {Kebir Dgaygui and Patrick Joly},
   doi = {10.1137/s0036139992234324},
   issn = {0036-1399},
   issue = {1},
   journal = {SIAM Journal on Applied Mathematics},
   keywords = {absorbing boundary conditions,dispersive waves,gravity waves,rational approximation},
   pages = {93-131},
   title = {Absorbing Boundary Conditions for Linear Gravity Waves},
   volume = {54},
   year = {2005},
}

@article{cohen2012perfectly,
   abstract = {After setting a mixed formulation for the propagation of linearized water waves problem, we define its spectral element approximation. Then, in order to take into account unbounded domains, we construct absorbing perfectly matched layer for the problem. We approximate these perfectly matched layer by mixed spectral elements and show their stability using the "frozen coefficient" technique. Finally, numerical results will prove the efficiency of the perfectly matched layer compared to classical absorbing boundary conditions.},
   author = {Gary Cohen and SÃ©bastien Imperiale},
   doi = {10.4208/cicp.201109.261110s},
   isbn = {1815-2406},
   issn = {18152406},
   issue = {2},
   journal = {Communications in Computational Physics},
   keywords = {Linearized water waves,Mixed finite elements,Perfectly matched layer},
   pages = {285-302},
   title = {Perfectly matched layer with mixed spectral elements for the propagation of linearized water waves},
   volume = {11},
   year = {2012},
}

@article{kim2010analysis,
  title={Analysis of the spectrum of a Cartesian perfectly matched layer (PML) approximation to acoustic scattering problems},
  author={Kim, Seungil and Pasciak, Joseph E},
  journal={Journal of Mathematical Analysis and Applications},
  volume={361},
  number={2},
  pages={420--430},
  year={2010},
  publisher={Elsevier}
}


@article{hein2010explicit,
  title={Explicit Representation for the Infinite-Depth Two-Dimensional Free-Surface Green's Function in Linear Water-Wave Theory},
  author={Hein, Ricardo and Dur{\'a}n, Mario and N{\'e}d{\'e}lec, Jean-Claude},
  journal={SIAM Journal on Applied Mathematics},
  volume={70},
  number={7},
  pages={2353--2372},
  year={2010},
  publisher={SIAM}
}

@book{linton2001handbook,
  title={Handbook of mathematical techniques for wave/structure interactions},
  author={Linton, Christopher M and McIver, Philip},
  year={2001},
  publisher={CRC press}
}

@phdthesis{perez2017windowed,
  title={Windowed integral equation methods for problems of scattering by defects and obstacles in layered media},
  author={P{\'e}rez Arancibia, Carlos Andr{\'e}s},
  year={2017},
  school={California Institute of Technology}
}

@article{Bon-Jol-1993,
    author={Anne-Sophie Bonnet-BenDhia and Patrick Joly },
    title={Mathematical Analysis of Guided Water Waves },
    doi={10.1137/0153071 },
    journal={SIAM Journal on on Applied Mathematics },
    year={1993 },
    volume={53 },
    pages={1507--1550},
}

@article{xie2018comparison,
  title={Comparison of existing methods for the calculation of the infinite water depth free-surface Green function for the wave--structure interaction problem},
  author={Xie, Chunmei and Choi, Youngmyung and Rong{\`e}re, Fran{\c{c}}ois and Cl{\'e}ment, Alain H and Delhommeau, Gerard and Babarit, Aur{\'e}lien},
  journal={Applied Ocean Research},
  volume={81},
  pages={150--163},
  year={2018},
  publisher={Elsevier}
}

@article{mackay2021green,
  title={The Green function for diffraction and radiation of regular waves by two-dimensional structures},
  author={Mackay, Ed},
  journal={European Journal of Mechanics-B/Fluids},
  volume={87},
  pages={151--160},
  year={2021},
  publisher={Elsevier}
}

@article{bermudez2007optimal,
  title={An optimal perfectly matched layer with unbounded absorbing function for time-harmonic acoustic scattering problems},
  author={Berm{\'u}dez, Alfredo and Hervella-Nieto, Luis and Prieto, Andr{\'e}s and Rodr{\i}, R and others},
  journal={Journal of computational Physics},
  volume={223},
  number={2},
  pages={469--488},
  year={2007},
  publisher={Elsevier}
}